% $ Id: $

%================================================================================
% Models
%================================================================================

@article{ccsm,
        author = "{Boville, B.A.} and {P.R. Gent}",
        title = "{The NCAR Climate System Model, Version One}",
        journal = "J. Climate",
        volume = "11",
        year = "1998",
        pages = "1115-1130"}

@techreport(kiehl,
        author ="{Kiehl, J. T.} and {J. J. Hack} and {G. B. Bonan}
                and {B. A. Boville} and {B. P. Briegleb} and
                {D. L.  Williamson} and {P. J. Rasch}"
                                                      ,
        title = "{Description of the NCAR
              Community Climate Model (CCM3)}"
                                              ,
        institution = "NCAR Technical Note",
        number = "{NCAR/TN-420+STR, Boulder, CO}",
        month = "June",
        year = "1996")

@inproceedings(mitgcm,
        author = "{Hill, C.} and {A. Adcroft} and {D. Jamous} and
                 {J. Marshall}"
                               ,
        title = "A strategy for tera-scale climate modeling",
        booktitle = "Scientific Computing in Object-Oriented Parallel
           Environments"
                        ,
        publisher = "World Scientific",
        address = "Berlin, Germany",
        year = "1997")

@article{art:majewski+:gme,
  author = "D. Majewski and D. Liermann and P. Prohl and B. Ritter
              and M. Buchhold and T. Hanisch and G. Paul and W. Wergen",
  title = "{The Operational Global Icosahedral-Hexagonal Gridpoint 
                   Model GME: Description and High-Resolution Tests}",
  journal="Monthly Weather Review",
  year=2002,
  volume="130",
  pages="319--338"
}

@inproceedings{wrf,
        author = "{Michalakes, J.G.} and {S. Chen} and {J. Dudhia} and
                 {L. Hart} and {J. Klemp} and {J Middlecoff} and {W. Skamarock}"
                                                                                ,
        title = "{Development of a Next Generation Regional Weather Research and
                  Forecast Model}"
                                  ,
        booktitle = {Developments in Teracomputing: Proceedings of the Ninth ECMWF
                 Workshop on the Use of High Performance Computing in Meteorology},
  year = 2001,
  editor = "{W. Zwieflhofer} and {Norbert Kreitz}",
  publisher = {World Scientific Press},
  pages = {269 -- 276}
}

@article(schopf,
        author = "{Schopf, P.S.} and {A. Loughe}",
        year = "1995",
        title = "{A reduced-gravity isopycnal ocean
                 model: Hindcast of El Ni\~{n}o}",
        journal = "Mon. Wea. Rev.",
        volume = "123",
        pages = "2839-2863")

@inproceedings{wrfperfport,
        author = "{Michalakes, J.G.} and {R. Loft} and {A. Bourgeois}",
        title = "{Performance-Portability and the Weather Research and Forecast Model}",
        booktitle = {On-line proceedings of the HPC Asia Conference, Gold Coast, Queensland, Australia, September 24 -- 28},
  year = 2001
}

@article(sela,
        author = "{Sela, J.}",
        year = "1980",
        title = "{Spectral modeling at the National Meteorological 
                 Center}",
        journal = "Mon. Wea. Rev.",
        volume = "108",
        pages = "1279-1292")

%================================================================================
% Data Assimilation
%================================================================================

@article(derber1,
        author = "{Derber, J. C.} and {D.F. Parrish} and {S.J. Lord}",
        year = "1991",
        title = "{The new global operational
                 analysis system at the National Meteorological 
                 Center}"
                         ,
        journal = "Wea. and Forecasting",
        volume = "6",
        pages = "538-547")

@article(derber2,
        author = "{Derber, J. C.} and {W.-S. Wu}",
        year = "1998",
        title = "{The use of TOVS cloud-cleared radiances in
                 the NCEP SSI analysis system}"
                                               ,
        journal = "Mon. Wea. Rev.",
        volume = "126",
        pages = "2287-2299")

@article(kanamits1,
        author = "{Kanamitsu, M.}",
        year = "1989",
        title = "{Description of the NMC global data assimilation and
                 forecast system}"
                                  ,
        journal = "Wea. and Forecasting",
        volume = "4",
        pages = "335-342")

@article(kanamits2,
        author = "{Kanamitsu, M.} and {J.C. Alpert} and {K.A. Campana}
                  and {P.M. Caplan} and {D.G. Deaven} and {M. Iredell}
                  and {B. Katz} and {L. Pan} and {J. Sela} and {G.H. White}",
        year = "1991",
        title = "{Recent changes implemented into the global forecast
                 system at NMC}"
                                ,
        journal = "Wea. and Forecasting",
        volume = "6",
        pages = "425-435")

@inproceedings(keppenne,
        author ="{Keppenne, C.} and {M.M. Rienecker}",
        title = "{Assimilation of temperature data
                into an ocean general circulation model with a parallel 
                Ensemble Kalman Filter}"
                                        ,
        booktitle = "Proceedings of 3rd WMO Symposium on Data Assimilation
                    in Meteorology and Oceanography, Quebec"
                                                            ,
        year = "1999")

@article(parrish,
        author = "{Parrish, D.F.} and {J.C. Derber}",
        year = "1992",
        title = "{The National Meteorological Center's
                 Spectral statistical interpolation analysis system}"
                                                                     ,
        journal = "Mon. Wea. Rev.",
        volume = "120",
        pages = "1747-1763")

@inproceedings(psas1,
        author = "{Guo, J.} and {A. da Silva}",
        title = "{Computational Aspects of PSAS}",
        booktitle = "Numerical simulations in the environmental and
                     earth sciences. Garcia et al, Eds.",
        year = "1997")


@article(psas2,
        author = "{Cohn, S.} and {A. da Silva} and {J. Guo} and 
                  {M. Sienkiewicz} and {D. Lamich}",
        title = "{Assessing the effects of data selection with
                 DAO PSAS}",
        journal = "Mon. Wea. Rev",
        volume = "126",
        pages = "2913-26",
        year = "1998")

@article(kalnaynwp,
        author = "{Kalnay, E.} and {M. Kanamitsu} and {W.E. Baker}",
        year = "1990",
        title = "{Global numerical weather
                 prediction at the National Meteorological Center}"
                                                                   ,
        journal = "Bull. Amer. Meteor. Soc.",
        volume = "71",
        pages = "1410-1428")

@article(mcnally,
        author = "{McNally, A.P.} and {J.C. Derber} and {W.-S. Wu}
                   and {B.B. Katz}",
        year = "2000",
        title = "{The use of TOVS level-1B radiances in the NCEP 
                 SSI analysis system}"
                                      ,
        journal = "Q.J.R.M.S.",
        volume = "126",
        pages = "689-724")

@inproceedings(rienecker99,
        author = "{Rienecker, M.M.} and {A. Borovikov} and {C. Keppenne}
                 and {D. Adamec}",
        title = "Impact of multivariate assimilation on estimates 
                 of the state of the tropical Pacific Ocean",
        booktitle = "Proceedings of 3rd WMO Symposium on Data Assimilation
                    in Meteorology and Oceanography, Quebec",
        year = "1999")

%================================================================================
% Modeling approaches and grids
%================================================================================


@Article{ref:a1966,
  author = {A. Arakawa},
  title = {Computational design for long-term numerical
                  integration of the equations of atmospheric motion.},
  journal = JCP,
  year = 1966,
  volume = 1,
  pages = {119--143},
  annote = {Grids}
}

@InProceedings{ref:b2001,
  author = {V. Balaji},
  title = {Parallel numerical kernels for climate models},
  booktitle = {ECMWF Teracomputing Workshop},
  year = 2001,
  editor = {ECMWF},
  publisher = {World Scientific Press}
}

@article{art:heikes+:geodesic,
  author = "R. Heikes and D. A. Randall",
  title = "{Numerical Integration of the Shallow-water Equations 
                   of a Twisted Icosahedral Grid. Part I: Basic Design 
                   and Results of Tests}",
  journal="Monthly Weather Review",
  year=1995,
  volume="123",
  pages="1862--1880"
}

@inproceedings(linrood98,
        author = "{Lin, S.-J.} and {R.  B.  Rood}",
        title = "{A flux-form semi-Lagrangian
         general circulation model with a Lagrangian control-volume vertical
         coordinate}"
                     ,
        booktitle = "{The Rossby-100 symposium, Stockholm, Sweden}",
        year = "1998")

@Article{ref:m1996,
  author = {Ross J. Murray},
  title = {Explicit Generation of Orthogonal grids for Ocean
                  Models.},
  journal = JCP,
  year = 1996,
  volume = 126,
  pages = {251 -- 273}
}

@Article{ref:rpm1996,
  author = {M. Rancic and R.J. Purser and F. Mesinger},
  title = {A global shallow-water model using an expanded
                  spherical cube: Gnomonic versus conformal
                  coordinates.},
  journal = QJRMS,
  year = 1996,
  volume = 122,
  pages = {959 -- 982}
}







