%===============================================================================
% CVS $Id: dev_guide.bib,v 1.4 2006/12/13 20:19:07 cdeluca Exp $
% CVS $Source: /cvsroot/esmf/esmf/src/doc/dev_guide/dev_guide.bib,v $
% CVS $Name: MESH_BRANCH $
%===============================================================================

@misc(bib:ESMFreqdoc,
        title = "{Earth System Modeling Framework Requirements Document}",
        author = "{ESMF Joint Specification Team}",
        howpublished= "http://www.esmf.ucar.edu",
        year = "2002")

@misc(bib:ESMFarchdoc,
        title = "{Earth System Modeling Framework Architecture Document}",
        author = "{ESMF Joint Specification Team}",
        howpublished= "http://www.esmf.ucar.edu",
        year = "2002")

@misc(bib:ESMFprojectplan,
        title = "{Earth System Modeling Framework Project Plan}",
        author = "{ESMF Joint Specification Team}",
        howpublished= "http://www.esmf.ucar.edu",
        year = "2005")

@misc(bib:ESMFrefdoc,
        title = "{Earth System Modeling Framework Reference Manual}",
        author = "{ESMF Joint Specification Team}",
        howpublished= "http://www.esmf.ucar.edu",
        year = "2002")

@misc(bib:ESMFusrdoc,
        title = "{Earth System Modeling Framework User's Guide}",
        author = "{ESMF Joint Specification Team}",
        howpublished= "http://www.esmf.ucar.edu",
        year = "2002")

@misc(bib:ESMFimplrep,
        title = "{Earth System Modeling Framework Implementation Report}",
        author = "{Neckels, D.} and {C. DeLuca}",
        howpublished= "http://www.esmf.ucar.edu",
        year = "2002")

@misc(CCSMdevguide,
        author = "{Kauffman, B.} and {Bettge, T.} and {Buja, L.} and {Craig, A.}
                 and {DeLuca, C} and {Eaton, B.} and {Hecht, M.} and 
                 {Kluzek, E.} and {Rosinski, J.} and {Vertenstein, M.}",
        howpublished = "http://www.ccsm.ucar.edu",
        year = "2001")

@misc(FMSdevguide,
        author = "{Balaji, V.}", 
        title = "{The FMS Manual:  A developer's guide to the GFDL Flexible Modeling System}",
        howpublished = "http://www.gfdl.noaa.gov/\~fms",
        year = "2002")

@misc(protex,
        author = "{da Silva, A.} and {Sawyer, W.}",
        title = "{Protex Distribution (Version 2.0)}",
        howpublished = "http://polar.gsfc.nasa.gov/software/protex/protex.php",
        year = "2001")

@book(beck00,
        author = "{Beck, K.}",
        title = "Extreme Programming Explained; Embrace Change",
        publisher = "Boston, Mass.:  Addison-Wesley",
        year = "2000")

@book(mcconnell93,
        author = "{McConnell, S.}",
        title = "Code Complete",
        publisher = "Redmond, Wash.:  Microsoft Press",
        year = "1993")

@book(mcconnell96,
        author = "{McConnell, S.}",
        title = "Rapid Development",
        publisher = "Redmond, Wash.:  Microsoft Press",
        year = "1996")

@book(mcconnell98,
        author = "{McConnell, S.}",
        title = "Software Project Survival Guide",
        publisher = "Redmond, Wash.:  Microsoft Press",
        year = "1998")

@book(jones86,
        author = "{Jones, C.}",
        title = "Programming Productivity",
        publisher = "New York, New York:  McGraw-Hill",
        year = "1986")

@book(wiegers,
        author = "{Weigers, Karl E.}",
        title = "Software Requirements",
        publisher = "Redmond, Wash.:  Microsoft Press",
        year = "1999")

@book(binder,
        author = "{Binder, Robert V.}",
        title = "Testing Object-Oriented Systems",
        publisher = "Boston, Mass.:  Addison-Wesley",
        year = "2001")

@techreport(ieee,
        title = "{IEEE Standard Glossary of Software Engineering Terminology}", 
        number = "{IEEE Std 610.12-1990}", 
        institution = "Institute of Electrical and Electronic Engineers",
        publisher = "{IEEE, New York, NY}", 
        month = "December",
        year = "1990")

@Manual{ref:f95,
  author =	 {ISO/IEC},
  title =	 {The Fortran-95 Standard},
  organization = {ISO/IEC 1539-1},
  year =	 1997,
  note =	 {Information technology--Programming
                  languages--Fortran--Part 1: Base Language}
}

@Book{ref:s1997,
  author =	 {Bjarne Stroustrup},
  title =	 {The C++ Programming Language},
  publisher =	 {Addison-Wesley},
  year =	 1997
}

@book{taligent,
  author =       {Taligent},
  title =        {Taligent's Guide to Designing Programs},
  publisher =    {Addison-Wesley},
  year =         1994
}


