% $ Id: $

%================================================================================
% Tools
%================================================================================

@article(tamc,
        author = "{Giering, R.} and {T. Kaminsky}",
        title = "Recipes for adjoint code construction",
        journal = "ACM Trans. Math. Software",
        volume = "24",
        pages = "437-474",
        year = "1997")

@misc(ref:SCRIP,
       author = "{Jones, P.W.}",
       title = "{SCRIP:  A Spherical Coordinate Remapping and
                      Interpolation Package}"
                                             ,
       note = "Los Alamos National Laboratory Software Release
                      LACC 98-45"
                                 ,
       howpublished = "http://www.acl.lanl.gov/climate/software/SCRIP/")

@misc(rasmussen01,
        author = "{Rasmussen, C.E.} and {Lindlan, K.A.} and {Mohr, B.} and
			{Striegnitz, J.}"
                    ,
        title = "{CHASM:  Static Analysis and Automatic Code Generation for
                 Improved Fortran 90 and C++ Interoperability}",
        howpublished = "Los Alamos National Laboratory Internal Report")

@incollection(petsc,
        author = "{Balay, S.} and {W.D. Gropp} and {L.C. McInnes} and
                  {B.F. Smith}"
                               ,
        title = "{Efficient Management of Parallelism in Object-Oriented 
                 Numerical Software Libraries}"
                                               ,
        booktitle = "Modern Software Tools in Scientific Computing",
        pages = "163-202",
        editor = "{E. Arge} and {A.M. Bruaset} and {H.P. Langtangen}",
        publisher = "Birkhauser Press",
        year = "1997")

%================================================================================
% Frameworks and Couplers
%================================================================================

@inproceedings(deluca,
        author = "{DeLuca, C.} and {Heisey, C.W.} and {Bond, R.}
           and {Daly, J.M.}"
                            ,
        title = "A portable object-based parallel library and framework
           for real-time radar signal processing"
                                                 ,
        booktitle = "Scientific Computing in Object-Oriented Parallel
           Environments"
                        ,
        publisher = "Springer-Verlag",
        address = "Berlin, Germany",
        year = "1997")

@techreport(ncarcpl,
        author = "{Kauffman, B.} and {W. Large}",
        title = "{The CCSM Coupler Version 5.0}",
        institution = "National Center for Atmospheric Research",
        year = "2002")

@inproceedings(overture,
       author = "{Brown, D.L.} and {W.D. Henshaw} and {D.J. Quinlan}",
       title = "{Overture: An Object-Oriented Framework for Solving 
         Partial Differential Equations on Overlapping Grids}"
                                                              ,
       booktitle = "SIAM conference on Object Oriented Methods for
         Scientific Computing"
                              ,
       note = "UCRL-JC-132017",
       year = "1999")

@article(pooma,
        author = "{Reynders, J.V.W. III} and {Dubois, P.F.}",
        title = "{The POOMA Framework}",
        journal = "Computers in Physics",
        year = "1998",
        volume = "12",
        number = "5",
        pages = "{453-459}")

@misc(fms,
       author = "{Geophysical Fluid Dynamics Laboratory}",
       title = "{Flexible Modeling System}",
       howpublished = "http://www.gfdl.gov/\~fms/")

@techreport(gems,
        author = "{Office Note Series on Global Modeling and 
                   Data Assimilation}"
                                      ,
        title = "{GEOS-3 Data Assimilation System}",
        institution = "NASA Goddard Space Flight Center",
        number = "{DAO Office Note 97-06}",
        year = "1997")

%================================================================================
% Components
%================================================================================

@book(javabeans,
       author = "{Englander, R.}",
       title = "{Developing Java Beans}",
       publisher = "O'Reilly",
       year = "1997")

@inproceedings(cca,
       author = "{Armstrong, R.} and {D. Gannon} and {A. Geist}
                 and {K. Keahey} and {S. Kohn} and {L. McInnes} and 
                 {S. Parker} and {B. Smolinski}"
                                                ,
       title = "{Toward a Common Component Architecture for 
                 High Performance Scientific Computing}"
                                                        ,
       booktitle = "{Proceedings of the Conference on High 
                     Performance Distributed Computing}"
                                                        ,
       year = "1999")


@book(com,
        author = "{Sessions, R.}",
        title = "{COM and DCOM:  Microsoft's Vision for Distributed Objects}",
        publisher = "John Wiley \& Sons",
        year = 1997)
