% $Id$

<Standard LaTeX bibliographic database entries (e.g. @techreport ...).
 Latex2html automatically creates links when the \cite command 
 is used to reference a bibliography entry in the text body.>















