% $ Id: $

@misc(ref:cf,
       author = "{Eaton, B.} and {J. Gregory} and {B. Drach} and {K. Taylor} and {S. Hankin}",
       title = "{NetCDF Climate and Forecast (CF) Metadata Convention}",
       howpublished = "http://www.cgd.ucar.edu/cms/eaton/cf-metadata/index.html")





